<collection xmlns="http://www.loc.gov/MARC21/slim">
<record>
  <leader>01308nam0a22002651i 450 </leader>
  <controlfield tag="001">IT\ICCU\CNCE\070281</controlfield>
  <controlfield tag="005">20071004000000.0</controlfield>
  <datafield tag="100" ind1=" " ind2=" ">
    <subfield code="a">20070417d1555        0itac0103    ba</subfield>
  </datafield>
  <datafield tag="101" ind1=" " ind2=" ">
    <subfield code="a">LAT</subfield>
  </datafield>
  <datafield tag="102" ind1=" " ind2=" ">
    <subfield code="a">IT</subfield>
  </datafield>
  <datafield tag="200" ind1="1" ind2=" ">
    <subfield code="a">Grammaticae opus ... Cum multis praeterea opusculis elegantissimis. Accesserunt Lucii Christophori Scobaris ... elucubrationes ... omniaque nuper diligentius quam hactenus uspiam fuerint emendata</subfield>
  </datafield>
  <datafield tag="210" ind1=" " ind2=" ">
    <subfield code="a">Venetiis</subfield>
    <subfield code="c">Ioan. Gryphius excudebat</subfield>
    <subfield code="d">1555</subfield>
  </datafield>
  <datafield tag="215" ind1=" " ind2=" ">
    <subfield code="a">8ʻ</subfield>
  </datafield>
  <datafield tag="620" ind1=" " ind2=" ">
    <subfield code="a">IT</subfield>
    <subfield code="d">Venezia</subfield>
  </datafield>
  <datafield tag="700" ind1=" " ind2="1">
    <subfield code="a">Nebrija,</subfield>
    <subfield code="b">Antonio : de</subfield>
    <subfield code="3">IT\ICCU\CNCA\007162</subfield>
  </datafield>
  <datafield tag="702" ind1=" " ind2="1">
    <subfield code="a">Escobar,</subfield>
    <subfield code="b">Cristobal : de</subfield>
    <subfield code="3">IT\ICCU\CNCA\008969</subfield>
  </datafield>
  <datafield tag="712" ind1="0" ind2="0">
    <subfield code="a">Griffio, Giovanni</subfield>
    <subfield code="c"> &lt;1.&gt;</subfield>
    <subfield code="3">IT\ICCU\CNCT\002057</subfield>
    <subfield code="4">650</subfield>
  </datafield>
  <datafield tag="790" ind1=" " ind2="0">
    <subfield code="a">Antonius</subfield>
    <subfield code="c"> : Nebrissensis</subfield>
    <subfield code="3">IT\ICCU\CNCA\007622</subfield>
    <subfield code="z">Nebrija, Antonio : de</subfield>
  </datafield>
  <datafield tag="790" ind1=" " ind2="0">
    <subfield code="a">Aelius Antonius</subfield>
    <subfield code="c"> : Nebrissensis</subfield>
    <subfield code="3">IT\ICCU\CNCA\012524</subfield>
    <subfield code="z">Nebrija, Antonio : de</subfield>
  </datafield>
  <datafield tag="790" ind1=" " ind2="1">
    <subfield code="a">Lebrija,</subfield>
    <subfield code="b">Antonio</subfield>
    <subfield code="3">IT\ICCU\CNCA\014492</subfield>
    <subfield code="z">Nebrija, Antonio : de</subfield>
  </datafield>
  <datafield tag="790" ind1=" " ind2="1">
    <subfield code="a">Scobar,</subfield>
    <subfield code="b">Christophorus</subfield>
    <subfield code="3">IT\ICCU\CNCA\015209</subfield>
    <subfield code="z">Escobar, Cristobal : de</subfield>
  </datafield>
  <datafield tag="791" ind1="0" ind2="0">
    <subfield code="a">Gryphius, Ioannes</subfield>
    <subfield code="c"> &lt;1.&gt;</subfield>
    <subfield code="3">IT\ICCU\CNCT\003549</subfield>
    <subfield code="z">Griffio, Giovanni &lt;1.&gt;</subfield>
  </datafield>
  <datafield tag="791" ind1="0" ind2="0">
    <subfield code="a">Grifio, Giovanni</subfield>
    <subfield code="3">IT\ICCU\CNCT\005052</subfield>
    <subfield code="z">Griffio, Giovanni &lt;1.&gt;</subfield>
  </datafield>
  <datafield tag="791" ind1="0" ind2="0">
    <subfield code="a">Grifi, Giovanni</subfield>
    <subfield code="c"> &lt;1&gt;</subfield>
    <subfield code="3">IT\ICCU\CNCT\005187</subfield>
    <subfield code="z">Griffio, Giovanni &lt;1.&gt;</subfield>
  </datafield>
  <datafield tag="801" ind1=" " ind2="3">
    <subfield code="a">IT</subfield>
    <subfield code="b">ICCU</subfield>
    <subfield code="c">20201115</subfield>
  </datafield>
</record>
</collection>
